<record><leader>00000cas a2200000 a 4500</leader><controlfield tag="001">33026131</controlfield><controlfield tag="008">950822d18841925iludr ne      0   a0eng c</controlfield><datafield ind1=" " ind2=" " tag="010"><subfield code="a">sn2004060810</subfield></datafield><datafield ind1=" " ind2=" " tag="040"><subfield code="a">IEE</subfield><subfield code="b">eng</subfield><subfield code="c">IEE</subfield><subfield code="d">OCL</subfield><subfield code="d">CVF</subfield><subfield code="d">NVF</subfield><subfield code="d">CRL</subfield><subfield code="d">OCLCQ</subfield><subfield code="d">OCLCF</subfield><subfield code="d">NVF</subfield></datafield><datafield ind1=" " ind2=" " tag="042"><subfield code="a">pcc</subfield></datafield><datafield ind1=" " ind2=" " tag="043"><subfield code="a">n-us-il</subfield></datafield><datafield ind1=" " ind2=" " tag="090"><subfield code="a">AN</subfield></datafield><datafield ind1="0" ind2="0" tag="245"><subfield code="a">Elgin daily courier.</subfield></datafield><datafield ind1="1" ind2="3" tag="246"><subfield code="a">Daily courier</subfield></datafield><datafield ind1="1" ind2="3" tag="246"><subfield code="a">Elgin courier</subfield></datafield><datafield ind1=" " ind2=" " tag="260"><subfield code="a">Elgin, Ill. :</subfield><subfield code="b">W.S. Doherty &amp; H.D. Hemmens,</subfield><subfield code="c">1884-1925.</subfield></datafield><datafield ind1=" " ind2=" " tag="300"><subfield code="a">v.</subfield></datafield><datafield ind1=" " ind2=" " tag="310"><subfield code="a">Daily</subfield></datafield><datafield ind1="0" ind2=" " tag="362"><subfield code="a">Vol. 12, no. 67 (Mar. 18, 1884)-Dec. 31, 1925.</subfield></datafield><datafield ind1=" " ind2=" " tag="515"><subfield code="a">No volume numbering for at least the last year.</subfield></datafield><datafield ind1=" " ind2=" " tag="530"><subfield code="3">Mar. 18, 1884-Dec. 31, 1925.</subfield><subfield code="a">available on microfilm;</subfield><subfield code="b">University of Chicago Library Department of Photoduplication.</subfield></datafield><datafield ind1=" " ind2=" " tag="580"><subfield code="a">Weekly ed.: Elgin courier (Elgin, Ill. : 1884), 1884-1910.</subfield></datafield><datafield ind1=" " ind2=" " tag="580"><subfield code="a">Merged with Elgin daily news, to form: Elgin courier-news.</subfield></datafield><datafield ind1=" " ind2="0" tag="651"><subfield code="a">Elgin (Ill.)</subfield><subfield code="v">Newspapers.</subfield></datafield><datafield ind1=" " ind2="7" tag="651"><subfield code="a">Illinois</subfield><subfield code="z">Elgin.</subfield><subfield code="2">fast</subfield><subfield code="0">(OCoLC)fst01212719</subfield></datafield><datafield ind1=" " ind2="7" tag="655"><subfield code="a">Newspapers.</subfield><subfield code="2">fast</subfield><subfield code="0">(OCoLC)fst01423814</subfield></datafield><datafield ind1=" " ind2=" " tag="752"><subfield code="a">United States</subfield><subfield code="b">Illinois</subfield><subfield code="c">Kane</subfield><subfield code="d">Elgin.</subfield></datafield><datafield ind1="1" ind2=" " tag="775"><subfield code="t">Elgin courier (Elgin, Ill. : 1884)</subfield><subfield code="w">(DLC)sn 94054373</subfield><subfield code="w">(OCoLC)30208646</subfield></datafield><datafield ind1="0" ind2="8" tag="776"><subfield code="i">Microfilm version:</subfield><subfield code="t">Elgin daily courier</subfield><subfield code="w">(DLC)  2014271528</subfield><subfield code="w">(OCoLC)34179284</subfield></datafield><datafield ind1="0" ind2="0" tag="780"><subfield code="t">Elgin morning frank</subfield><subfield code="w">(DLC)sn2004060821</subfield><subfield code="w">(OCoLC)32944757</subfield></datafield><datafield ind1="0" ind2="5" tag="780"><subfield code="t">Elgin evening press</subfield><subfield code="w">(DLC)sn2004060819</subfield><subfield code="w">(OCoLC)32937805</subfield></datafield><datafield ind1="1" ind2="7" tag="785"><subfield code="t">Elgin daily news</subfield><subfield code="w">(DLC)sn 95068666</subfield><subfield code="w">(OCoLC)32898273</subfield></datafield><datafield ind1="1" ind2="7" tag="785"><subfield code="t">Elgin courier-news</subfield><subfield code="w">(DLC)sn 87056733</subfield><subfield code="w">(OCoLC)17165571</subfield></datafield><datafield ind1="1" ind2=" " tag="029"><subfield code="a">AU@</subfield><subfield code="b">000025293197</subfield></datafield></record>